% 16541064
@Article{intro1,
    Author="Rothemund, P. W. ",
    Title="{{F}olding {D}{N}{A} to create nanoscale shapes and patterns}",
    Journal="Nature",
    Year="2006",
    Volume="440",
    Number="7082",
    Pages="297--302",
    Month="Mar"
}
@Article{intro2,
    Author="Douglas, S. M.  and Dietz, H.  and Liedl, T.  and Hogberg, B.  and Graf, F.  and Shih, W. M. ",
    Title="{{S}elf-assembly of {D}{N}{A} into nanoscale three-dimensional shapes}",
    Journal="Nature",
    Year="2009",
    Volume="459",
    Number="7245",
    Pages="414--418",
    Month="May"
}
@Article{intro3,
    Author="Han, D.  and Pal, S.  and Nangreave, J.  and Deng, Z.  and Liu, Y.  and Yan, H. ",
    Title="{{D}{N}{A} origami with complex curvatures in three-dimensional space}",
    Journal="Science",
    Year="2011",
    Volume="332",
    Number="6027",
    Pages="342--346",
    Month="Apr"
}
% 26928725
@Article{intro4,
   Author="Chandrasekaran, A. R.  and Anderson, N.  and Kizer, M.  and Halvorsen, K.  and Wang, X. ",
   Title="{{B}eyond the {F}old: {E}merging {B}iological {A}pplications of {D}{N}{A} {O}rigami}",
   Journal="Chembiochem",
   Year="2016",
   Volume="17",
   Number="12",
   Pages="1081--1089",
   Month="06"
}
% 22344439
@Article{intro5,
   Author="Douglas, S. M.  and Bachelet, I.  and Church, G. M. ",
   Title="{{A} logic-gated nanorobot for targeted transport of molecular payloads}",
   Journal="Science",
   Year="2012",
   Volume="335",
   Number="6070",
   Pages="831--834",
   Month="Feb"
}
% 23766021
@Article{intro6,
   Author="Tintore, M.  and Gallego, I.  and Manning, B.  and Eritja, R.  and Fabrega, C. ",
   Title="{{D}{N}{A} origami as a {D}{N}{A} repair nanosensor at the single-molecule level}",
   Journal="Angew. Chem. Int. Ed. Engl.",
   Year="2013",
   Volume="52",
   Number="30",
   Pages="7747--7750",
   Month="Jul"
}
% 25325338
@Article{intro7,
   Author="Kuzuya, A.  and Watanabe, R.  and Yamanaka, Y.  and Tamaki, T.  and Kaino, M.  and Ohya, Y. ",
   Title="{{N}anomechanical {D}{N}{A} origami p{H} sensors}",
   Journal="Sensors (Basel)",
   Year="2014",
   Volume="14",
   Number="10",
   Pages="19329--19335",
   Month="Oct"
}
% 21551057
@Article{intro8,
   Author="Good, M. C.  and Zalatan, J. G.  and Lim, W. A. ",
   Title="{{S}caffold proteins: hubs for controlling the flow of cellular information}",
   Journal="Science",
   Year="2011",
   Volume="332",
   Number="6030",
   Pages="680--686",
   Month="May"
}
% 29227472
@Article{intro9,
   Author="Lee, M. J.  and Mantell, J.  and Hodgson, L.  and Alibhai, D.  and Fletcher, J. M.  and Brown, I. R.  and Frank, S.  and Xue, W. F.  and Verkade, P.  and Woolfson, D. N.  and Warren, M. J. ",
   Title="{{E}ngineered synthetic scaffolds for organizing proteins within the bacterial cytoplasm}",
   Journal="Nat. Chem. Biol.",
   Year="2018",
   Volume="14",
   Number="2",
   Pages="142--147",
   Month="Feb"
}
% 29227472
Article{intro10,
   Author="Lee, M. J.  and Mantell, J.  and Hodgson, L.  and Alibhai, D.  and Fletcher, J. M.  and Brown, I. R.  and Frank, S.  and Xue, W. F.  and Verkade, P.  and Woolfson, D. N.  and Warren, M. J. ",
   Title="{{E}ngineered synthetic scaffolds for organizing proteins within the bacterial cytoplasm}",
   Journal="Nat. Chem. Biol.",
   Year="2018",
   Volume="14",
   Number="2",
   Pages="142--147",
   Month="Feb"
}
% 16756506
@Article{intro11,
   Author="Bhattacharyya, R. P.  and Remenyi, A.  and Yeh, B. J.  and Lim, W. A. ",
   Title="{{D}omains, motifs, and scaffolds: the role of modular interactions in the evolution and wiring of cell signaling circuits}",
   Journal="Annu. Rev. Biochem.",
   Year="2006",
   Volume="75",
   Pages="655--680"
}
% 12511654
@Article{intro12,
   Author="Park, S. H.  and Zarrinpar, A.  and Lim, W. A. ",
   Title="{{R}ewiring {M}{A}{P} kinase pathways using alternative scaffold assembly mechanisms}",
   Journal="Science",
   Year="2003",
   Volume="299",
   Number="5609",
   Pages="1061--1064",
   Month="Feb"
}
% 10212181
@Article{intro13,
   Author="Miles, E. W.  and Rhee, S.  and Davies, D. R. ",
   Title="{{T}he molecular basis of substrate channeling}",
   Journal="J. Biol. Chem.",
   Year="1999",
   Volume="274",
   Number="18",
   Pages="12193--12196",
   Month="Apr"
}
% 9174345
@Article{intro14,
   Author="Thoden, J. B.  and Holden, H. M.  and Wesenberg, G.  and Raushel, F. M.  and Rayment, I. ",
   Title="{{S}tructure of carbamoyl phosphate synthetase: a journey of 96 {A} from substrate to product}",
   Journal="Biochemistry",
   Year="1997",
   Volume="36",
   Number="21",
   Pages="6305--6316",
   Month="May"
}
% 18388293
@Article{intro15,
   Author="An, S.  and Kumar, R.  and Sheets, E. D.  and Benkovic, S. J. ",
   Title="{{R}eversible compartmentalization of de novo purine biosynthetic complexes in living cells}",
   Journal="Science",
   Year="2008",
   Volume="320",
   Number="5872",
   Pages="103--106",
   Month="Apr"
}
% 19648908
@Article{intro16,
   Author="Dueber, J. E.  and Wu, G. C.  and Malmirchegini, G. R.  and Moon, T. S.  and Petzold, C. J.  and Ullal, A. V.  and Prather, K. L.  and Keasling, J. D. ",
   Title="{{S}ynthetic protein scaffolds provide modular control over metabolic flux}",
   Journal="Nat. Biotechnol.",
   Year="2009",
   Volume="27",
   Number="8",
   Pages="753--759",
   Month="Aug"
}
% 17017764
@Article{tab1,
   Author="Zhang, Y.  and Li, S. Z.  and Li, J.  and Pan, X.  and Cahoon, R. E.  and Jaworski, J. G.  and Wang, X.  and Jez, J. M.  and Chen, F.  and Yu, O. ",
   Title="{{U}sing unnatural protein fusions to engineer resveratrol biosynthesis in yeast and {M}ammalian cells}",
   Journal="J. Am. Chem. Soc.",
   Year="2006",
   Volume="128",
   Number="40",
   Pages="13030--13031",
   Month="Oct"
}
% 21148687
@Article{tab2,
   Author="Albertsen, L.  and Chen, Y.  and Bach, L. S.  and Rattleff, S.  and Maury, J.  and Brix, S.  and Nielsen, J.  and Mortensen, U. H. ",
   Title="{{D}iversion of flux toward sesquiterpene production in {S}accharomyces cerevisiae by fusion of host and heterologous enzymes}",
   Journal="Appl. Environ. Microbiol.",
   Year="2011",
   Volume="77",
   Number="3",
   Pages="1033--1040",
   Month="Feb"
}
% 19684173
@Article{tab3,
   Author="Tsai, S. L.  and Oh, J.  and Singh, S.  and Chen, R.  and Chen, W. ",
   Title="{{F}unctional assembly of minicellulosomes on the {S}accharomyces cerevisiae cell surface for cellulose hydrolysis and ethanol production}",
   Journal="Appl. Environ. Microbiol.",
   Year="2009",
   Volume="75",
   Number="19",
   Pages="6087--6093",
   Month="Oct"
}
% 18679172
@Article{tab4,
   Author="Yeates, T. O.  and Kerfeld, C. A.  and Heinhorst, S.  and Cannon, G. C.  and Shively, J. M. ",
   Title="{{P}rotein-based organelles in bacteria: carboxysomes and related microcompartments}",
   Journal="Nat. Rev. Microbiol.",
   Year="2008",
   Volume="6",
   Number="9",
   Pages="681--691",
   Month="Sep"
}
% 22428024
@Article{tab5,
   Author="Choudhary, S.  and Quin, M. B.  and Sanders, M. A.  and Johnson, E. T.  and Schmidt-Dannert, C. ",
   Title="{{E}ngineered protein nano-compartments for targeted enzyme localization}",
   Journal="PLoS ONE",
   Year="2012",
   Volume="7",
   Number="3",
   Pages="e33342"
}
% 19648908
@Article{tab6,
   Author="Dueber, J. E.  and Wu, G. C.  and Malmirchegini, G. R.  and Moon, T. S.  and Petzold, C. J.  and Ullal, A. V.  and Prather, K. L.  and Keasling, J. D. ",
   Title="{{S}ynthetic protein scaffolds provide modular control over metabolic flux}",
   Journal="Nat. Biotechnol.",
   Year="2009",
   Volume="27",
   Number="8",
   Pages="753--759",
   Month="Aug"
}
% 24832076
@Article{tab7,
   Author="Chen, R.  and Chen, Q.  and Kim, H.  and Siu, K. H.  and Sun, Q.  and Tsai, S. L.  and Chen, W ",
   Title="{{B}iomolecular scaffolds for enhanced signaling and catalytic efficiency}",
   Journal="Curr. Opin. Biotechnol.",
   Year="2014",
   Volume="28",
   Pages="59--68",
   Month="Aug"
}
% 19323557
@Article{tab8,
   Author="Wilner, O. I.  and Shimron, S.  and Weizmann, Y.  and Wang, Z. G.  and Willner, I. ",
   Title="{{S}elf-assembly of enzymes on {D}{N}{A} scaffolds: en route to biocatalytic cascades and the synthesis of metallic nanowires}",
   Journal="Nano Lett.",
   Year="2009",
   Volume="9",
   Number="5",
   Pages="2040--2043",
   Month="May"
}
% 22021385
@Article{tab9,
   Author="Conrado, R. J.  and Wu, G. C.  and Boock, J. T.  and Xu, H.  and Chen, S. Y.  and Lebar, T.  and Turn?ek, J.  and Tom?i?, N.  and Avbelj, M.  and Gaber, R.  and Koprivnjak, T.  and Mori, J.  and Glavnik, V.  and Vovk, I.  and Ben?ina, M.  and Hodnik, V.  and Anderluh, G.  and Dueber, J. E.  and Jerala, R.  and DeLisa, M. P. ",
   Title="{{D}{N}{A}-guided assembly of biosynthetic pathways promotes improved catalytic efficiency}",
   Journal="Nucleic Acids Res.",
   Year="2012",
   Volume="40",
   Number="4",
   Pages="1879--1889",
   Month="Feb"
}
% 26104708
@Article{tab10,
   Author="Higgins, N. P.  and Vologodskii, A. V. ",
   Title="{{T}opological {B}ehavior of {P}lasmid {D}{N}{A}}",
   Journal="Microbiol Spectr",
   Year="2015",
   Volume="3",
   Number="2",
   Month="Apr"
}
% 22913595
@Article{tab11,
   Author="Guo, P.  and Haque, F.  and Hallahan, B.  and Reif, R.  and Li, H. ",
   Title="{{U}niqueness, advantages, challenges, solutions, and perspectives in therapeutics applying {R}{N}{A} nanotechnology}",
   Journal="Nucleic Acid Ther",
   Year="2012",
   Volume="22",
   Number="4",
   Pages="226--245",
   Month="Aug"
}% 21700839
@Article{tab12,
   Author="Delebecque, C. J.  and Lindner, A. B.  and Silver, P. A.  and Aldaye, F. A. ",
   Title="{{O}rganization of intracellular reactions with rationally designed {R}{N}{A} assemblies}",
   Journal="Science",
   Year="2011",
   Volume="333",
   Number="6041",
   Pages="470--474",
   Month="Jul"
}





% 27091073
@Article{meth1,
    Author="Elbaz, J.  and Yin, P.  and Voigt, C. A. ",
    Title="{{G}enetic encoding of {D}{N}{A} nanostructures and their self-assembly in living bacteria}",
    Journal="Nat Commun",
    Year="2016",
    Volume="7",
    Pages="11179",
    Month="Apr"
}% 28336611
@Article{meth2,
    Author="Praetorius, F.  and Dietz, H. ",
    Title="{{S}elf-assembly of genetically encoded {D}{N}{A}-protein hybrid nanoscale shapes}",
    Journal="Science",
    Year="2017",
    Volume="355",
    Number="6331",
    Month="03"
}
% 29242318
@Article{meth3,
    Author="Han, D.  and Qi, X.  and Myhrvold, C.  and Wang, B.  and Dai, M.  and Jiang, S.  and Bates, M.  and Liu, Y.  and An, B.  and Zhang, F.  and Yan, H.  and Yin, P. ",
    Title="{{S}ingle-stranded {D}{N}{A} and {R}{N}{A} origami}",
    Journal="Science",
    Year="2017",
    Volume="358",
    Number="6369",
    Month="12"
}
% 23026637
@Article{meth4,
    Author="Chen, X.  and Zaro, J. L.  and Shen, W. C. ",
    Title="{{F}usion protein linkers: property, design and functionality}",
    Journal="Adv. Drug Deliv. Rev.",
    Year="2013",
    Volume="65",
    Number="10",
    Pages="1357--1369",
    Month="Oct"
}
% 27763626
@Article{meth5,
    Author="Fu, J.  and Yang, Y. R.  and Dhakal, S.  and Zhao, Z.  and Liu, M.  and Zhang, T.  and Walter, N. G.  and Yan, H. ",
    Title="{{A}ssembly of multienzyme complexes on {D}{N}{A} nanostructures}",
    Journal="Nat Protoc",
    Year="2016",
    Volume="11",
    Number="11",
    Pages="2243--2273",
    Month="Nov"
}
% 22414276
@Article{meth6,
    Author="Fu, J.  and Liu, M.  and Liu, Y.  and Woodbury, N. W.  and Yan, H. ",
    Title="{{I}nterenzyme substrate diffusion for an enzyme cascade organized on spatially addressable {D}{N}{A} nanostructures}",
    Journal="J. Am. Chem. Soc.",
    Year="2012",
    Volume="134",
    Number="12",
    Pages="5516--5519",
    Month="Mar"
}
@Article{meth7,
    Author = {Zhang, Yifei and Tsitkov, Stanislav and Hess, Henry},
    Year = {2016},
    Month = {12},
    Pages = {},
    Title = {Proximity does not contribute to activity enhancement in the glucose oxidase–horseradish peroxidase cascade},
    volume = {7},
    Journal = {Nature Communications}
}




% 29242318
Article{pmid29242318,
Author="Han, D.  and Qi, X.  and Myhrvold, C.  and Wang, B.  and Dai, M.  and Jiang, S.  and Bates, M.  and Liu, Y.  and An, B.  and Zhang, F.  and Yan, H.  and Yin, P. ",
Title="{{S}ingle-stranded {D}{N}{A} and {R}{N}{A} origami}",
Journal="Science",
Year="2017",
Volume="358",
Number="6369",
Month="12"
}

% 27677244
Article{pmid27677244,
Author="Hold, C.  and Billerbeck, S.  and Panke, S. ",
Title="{{F}orward design of a complex enzyme cascade reaction}",
Journal="Nat Commun",
Year="2016",
Volume="7",
Pages="12971",
Month="Sep"
}

% 27159899
Article{pmid27159899,
Author="Ke, G.  and Liu, M.  and Jiang, S.  and Qi, X.  and Yang, Y. R.  and Wootten, S.  and Zhang, F.  and Zhu, Z.  and Liu, Y.  and Yang, C. J.  and Yan, H. ",
Title="{{D}irectional {R}egulation of {E}nzyme {P}athways through the {C}ontrol of {S}ubstrate {C}hanneling on a {D}{N}{A} {O}rigami {S}caffold}",
Journal="Angew. Chem. Int. Ed. Engl.",
Year="2016",
Volume="55",
Number="26",
Pages="7483--7486",
Month="Jun"
}

article{apps1,
Author = {Endo, Masayuki and Yangyang, Yang and Sugiyama, Hiroshi},
Year = {2013},
Month = {03},
Pages = {347-360},
Title = {DNA origami technology for biomaterials applications},
Volume = {1},
Journal = {Biomaterials Science}
}

article{apps2,
author = {Chandrasekaran, Arun Richard},
year = {2015},
month = {09},
pages = {},
title = {DNA Origami and Biotechnology Applications: A Perspective},
Journal = {Journal of Chemical Technology and Biotechnology}
}

% 26928725
Article{apps3,
Author="Chandrasekaran, A. R.  and Anderson, N.  and Kizer, M.  and Halvorsen, K.  and Wang, X. ",
Title="{{B}eyond the {F}old: {E}merging {B}iological {A}pplications of {D}{N}{A} {O}rigami}",
Journal="Chembiochem",
Year="2016",
Volume="17",
Number="12",
Pages="1081--1089",
Month="06"
}
article{apps6,
author = {Wang, Pengfei and Meyer, Travis and Pan, Victor and Dutta, Palash and Ke, Yonggang},
year = {2017},
month = {03},
pages = {359-382},
title = {The Beauty and Utility of DNA Origami},
volume = {2},
Journal = {Chem}
}

article{apps7,
author = {Zhang, Qian and Jiang, Qiao and Li, Na and Dai, Luru and Liu, Qing and Song, Linlin and Wang, Jinye and Li, Yaqian and Tian, Jie and Ding, Baoquan and Du, Yang},
year = {2014},
month = {06},
pages = {},
title = {DNA Origami as an In Vivo Drug Delivery Vehicle for Cancer Therapy},
volume = {8},
Journal = {ACS nano}
}

article{apps8,
author = {Zhao, Yong-Xing and Shaw, Alan and Zeng, Xianghui and Benson, Erik and Nyström, Andreas M. and Högberg, Björn},
title = {DNA Origami Delivery System for Cancer Therapy with Tunable Release Properties},
journal = {ACS Nano},
volume = {6},
number = {10},
pages = {8684-8691},
year = {2012},
}

% 26995014
Article{apps9,
Author="Liu, M.  and Fu, J.  and Qi, X.  and Wootten, S.  and Woodbury, N. W.  and Liu, Y.  and Yan, H. ",
Title="{{A} {T}hree-{E}nzyme {P}athway with an {O}ptimised {G}eometric {A}rrangement to {F}acilitate {S}ubstrate {T}ransfer}",
Journal="Chembiochem",
Year="2016",
Volume="17",
Number="12",
Pages="1097--1101",
Month="06"
}

% 29219963
Article{model1,
Author="Praetorius, F.  and Kick, B.  and Behler, K. L.  and Honemann, M. N.  and Weuster-Botz, D.  and Dietz, H. ",
Title="{{B}iotechnological mass production of {D}{N}{A} origami}",
Journal="Nature",
Year="2017",
Volume="552",
Number="7683",
Pages="84--87",
Month="Dec"
}
article{model2,
author = {Zhang, Yifei and Hess, Henry},
year = {2017},
month = {07},
pages = {6018–6027},
title = {Toward Rational Design of High-efficiency Enzyme Cascade},
volume = {2017},
Journal = {ACS Catalysis}
}
article{model3,
author = {Hold, Christoph and Billerbeck, Sonja and Panke, Sven},
year = {2016},
month = {09},
pages = {12971},
title = {Forward design of a complex enzyme cascade reaction},
volume = {7},
Journal = {Nature Communications}
}
% 24963790
Article{model5,
Author="Zhang, Q.  and Jiang, Q.  and Li, N.  and Dai, L.  and Liu, Q.  and Song, L.  and Wang, J.  and Li, Y.  and Tian, J.  and Ding, B.  and Du, Y. ",
Title="{{D}{N}{A} origami as an in vivo drug delivery vehicle for cancer therapy}",
Journal="ACS Nano",
Year="2014",
Volume="8",
Number="7",
Pages="6633--6643",
Month="Jul"
}
article {model6,
author = {Ke, Guoliang and Liu, Minghui and Jiang, Shuoxing and Qi, Xiaodong and Yang, Yuhe Renee and Wootten, Shaun and Zhang, Fei and Zhu, Zhi and Liu, Yan and Yang, Chaoyong James and Yan, Hao},
title = {Directional Regulation of Enzyme Pathways through the Control of Substrate Channeling on a DNA Origami Scaffold},
journal = {Angewandte Chemie International Edition},
volume = {55},
number = {26},
pages = {7483--7486},
year = {2016},
}
